/Users/gbarter/texmf/bibtex/bib/offshore.bib